@preamble{ "\newcommand{\sigg}[1]{Computer Graphics (SIGGRAPH #1 Proceedings)}"}

@Inproceedings{Abe:2007:MCF,
	Author = {Abe, Yeuhi and da Silva, Marco and Popovi\'{c}, Jovan},
	Booktitle = {ACM SIGGRAPH/Eurographics symposium on Computer animation},
	Location = {San Diego, California},
	Pages = {249--258},
	Title = {Multiobjective control with frictional contacts},
	Year = {2007},
}

@InProceedings{Abe:2004:MPD,
  author =       "Yeuhi Abe and C. Karen Liu and Zoran Popovi\'{c}",
  title =        "Momentum-based Parameterization of Dynamic Character
                 Motion",
  booktitle =    "Eurographics/SIGGRAPH Symposium on Computer Animation",
  pages =        "173--182",
  year = 2004,
}

@InProceedings{Abe:2006:IAD,
  author =       "Yeuhi Abe and Jovan Popovi\'{c}",
  title =        "Interactive Animation of Dynamic Manipulation",
  booktitle =    "Eurographics/SIGGRAPH Symposium on Computer Animation",
  year = 2006,
}

@Article{Alexander:1980:OWT,
  author         = "R.M. Alexander",
  title          = "Optimum Walking Techniques for Quadrupeds and Bipeds",
  year           = 1980,
  journal        = "Journal of Zoology",
  volume         = 192,
  pages          = "97--117",
}

@Article{Alexander:1989:OGL,
  author         = "R.M. Alexander",
  title          = "Optimization and Gaits in the Locomotion of Vertebrates",
  year           = 1989,
  journal        = "Physiological Review",
  volume         = 69,
  pages          = "1199--1227",
}

@Article{Alexander:1990:OTT,
  author         = "R.M. Alexander",
  title          = "Optimum Take-off Techniques for High and Long jumps",
  year           = 1990,
  journal        = "Philosophical Transactions: Biological Sciences",
  volume         = 329,
  pages          = "3--10",
}

@Article{Alexander:1991:OTM,
  author         = "R.M. Alexander",
  title          = "Optimum Timing of Muscle Activation for Simple
  Models of Throwing",
  year           = 1991,
  journal        = "Journal of Theoretical. Biology",
  volume         = 150,
  pages          = "349--372",
}


@Book{Alexander:1996:OFA,
author = "R.M. Alexander",
title = "Optima for Animals",
publisher = "Princeton University Press",
year = "1996",
}

@Article{An:1984:DMJ,
  author         = "K.N. An and B.M. Kwak and E.Y. Chao and B.F. Morrey",
  title          = "Determination of Muscle and Joint Forces:
A New Technique to Solve the Indeterminate Problem",
  year           = 1984,
  journal        = "Journal of Biomechanical Engineering",
  volume         = 106,
  month         = nov,
  pages          = "663--673",
}

@Article{Anderson:2001:DOF,
  author = "Frank C. Anderson and Marcus G. Pandy",
  title = "Dynamic Optimization of Human Walking",
  journal = "Journal of Biomedical Engineering",
  year = 2001,
  pages = "381--390",
  volume = "123",
  month = oct,
}

@Article{Arikan:2002:SCM,
author = "Okan Arikan and David A. Forsyth",
title = "Synthesizing Constrained Motions from Examples",
year = 2002,
month = jul,
journal = "ACM Trans. on Graphics (SIGGRAPH)",
volume = "21",
number = "3",
pages = "483--490",
}

@Article{Arikan:2003:MSF ,
author = "Okan Arikan and David A. Forsyth and James F. O'Brien",
title = "Motion Synthesis from Annotations",
year = 2003,
month = jul,
journal = "ACM Trans. on Graphics (SIGGRAPH)",
volume = "22",
number = "3",
pages = "402--408",
}

@InProceedings{Arikan:2005:PPA,
  author =       "Okan Arikan and James F. O'Brien and David A. Forsyth",
  title =        "Pushing People Around",
  booktitle =    "Eurographics/SIGGRAPH Symposium on Computer Animation",
  pages =        "59--66",
  year = 2005,
}

@InProceedings{Baraff:1990:CSC,
  author =       "David Baraff",
  title =        "Curved Surfaces and Coherence for Non-penetrating
                 Rigid Body Simulation",
  pages =        "19--28",
  booktitle =    "SIGGRAPH",
  volume =       24,
  year =         1990,
  month =        aug,
}

@InProceedings{Baraff:1989:AMD,
  author =       "David Baraff",
  title =        "Analytical Methods for Dynamic Simulation of
                 Non-penetrating Rigid Bodies",
  pages =        "223--232",
  booktitle =    "SIGGRAPH",
  volume =       23,
  year =         1989,
  month =        jul,
}

@InProceedings{Baraff:1991:CFN,
  author =       "David Baraff",
  title =        "Coping with Friction for Non-penetrating Rigid Body
                 Simulation",
  pages =        "31--40",
  booktitle =    "SIGGRAPH",
  volume =       25,
  year =         1991,
  month =        jul,
}

@InProceedings{Baraff:1994:FCF,
  author =  "David Baraff",
  title =   "Fast Contact Force Computation for Nonpenetrating Rigid Bodies",
  booktitle =    "SIGGRAPH",
  year =         1994,
  month =        jul,
  pages =    "23-24",
}

@InProceedings{Baraff:1998:LSC,
  author =       "David Baraff and Andrew Witkin",
  title =        "Large Steps in Cloth Simulation",
  booktitle =    "SIGGRAPH",
  year =         1998,
  month =        jul,
  pages =        "43--54",
}

@InProceedings{Baraff:1992:DSN,
   author = "David Baraff and Andrew Witkin",
   title = "Dynamic Simulation of Non-penetrating Flexible Bodies",
   volume = "26",
   number = "2",
   booktitle = "SIGGRAPH",
   year = 1992,
   month = jul,
   pages = "303--308",
}

@Article{Bauby:2000:ACL,
  author = "C.E. Bauby and A.D. Kuo",
  title = "Active Control of Lateral Balance in Human Walking",
  Journal = "Journal of Biomechanics",
  year = 2000,
  volume = "33",
  number = "11",
  pages = "1433-1440",
}

@InProceedings{Beier:1992:FIM,
  author =       "Thaddeus Beier and Shawn Neely",
  title =        "Feature-based Image Metamorphosis",
  pages =        "35--42",
  booktitle =    "SIGGRAPH",
  volume =       26,
  year =         1992,
  month =        jul,
}


@Book{Betts:2001:PMO,
    author      = "John T. Betts",
    title       = "Practical methods for optimal control using nonlinear programming",
    publisher   = "SIAM",
    city        = "Philadelphia",
    year        = 2001,
}

@Article{Besl:1992:AMR,
  author =       "P. J. Besl and N. D. McKay",
  title =        "A Method for Registration of 3-{D} Shapes",
  journal =      "IEEE Transactions on Pattern Analysis and machine
                 Intelligence",
  pages =        "239--258",
  volume =       "14",
  number =       "2",
  month =        feb,
  year =         1992,
}

@Article{Bhat:2002:CPP,
  author =       "K. S. Bhat and S. M. Seitz and J. Popovi{\'c} and P.
                 K. Khosla",
  title =        "Computing the Physical Parameters of Rigid-Body Motion
                 from Video",
  journal =      "Lecture Notes in Computer Science",
  volume =       "2350",
  pages =        "551--566",
  year =         "2002",
}

@InProceedings{Bhat:2003:SCA,
  author =       "K. S. Bhat and C. D. Twigg and J. K. Hodgins and P. K. Khosla and Z. Popovi{\'c} and S. M. Seitz",
  title =        "Estimating Cloth Simulation Parameters from Video",
  booktitle =    "Eurographics/SIGGRAPH Symposium on Computer Animation",
  month =        jul,
  year =         2003,
}

@Article{Bobrow:1985:TCR,
  author =       "J.E. Bobrow and S. Dubowsky and J.S. Gibson",
  title          = "Time-optimal Control of Robotic Manipulators
  along Specified Paths",
  year           = 1985,
  journal        = "International Journal of Robotics Research",
  volume         = 4,
  number         = 3,
  pages          = "3--17",
}

@Article{Boulic:1994:GDC,
  author         = "R. Boulic and Zhiyong Huang and N.M. Thalmann and D. Thalmann",
  title          = "Goal-oriented Design and Correction of
  Articulated Figure Motion with the TRACK System",
  year           = 1994,
  month          = jul,
  journal        = "Computers and Graphics (UK)",
  volume         = 18,
  pages          = "443-52",
}

@Manual{Boston:2006:DIG,
  author         = "BostonDynamics",
  title          = "DI-Guy",
  year           = 2006,
  URL            = "www.bostondynamics.com",
}

@InProceedings{Brand:2000:SM,
   author = "Matthew Brand and Aaron Hertzmann",
   title = "Style Machines",
   booktitle = "SIGGRAPH",
   year = 2000,
   month = jul,
   pages = "183--192",
}


@Article{Bro-nielsen:1996:RVD,
   author = "Morten Bro-Nielsen and Stephane Cotin",
   title = "Real-time Volumetric Deformable Models for Surgery Simulation using Finite Elements and Condensation",
   volume = "15",
   number = "3",
   journal = "Computer Graphics Forum",
   year = 1996,
   month = aug,
   pages = "57--66",
}

@Article{Brown:2005:DRS,
  author = "W.M. Brown and L. Cronk and K. Grochow and A. Jacobson and C.K. Liu and Z. Popovi\'{c} and R. Trivers",
  title = "Dance Reveals Symmetry Especially in Young Men",
  journal = "Nature",
  volume = "438",
  number = "7071",
  year = 2005,
  month = dec,
}

@InProceedings{Bruderlin:1995:MSP,
       author =       "Armin Bruderlin and Lance Williams",
       title =        "Motion Signal Processing",
       pages =        "97--104",
       booktitle =    "SIGGRAPH",
       year =         1995,
       month =        aug,
}

@Article{Bruderlin:1989:GDD,
  author =       "Armin Bruderlin and Thomas W. Calvert",
  title =        "Goal-Directed, Dynamic Animation of Human Walking",
  journal =      "Computer Graphics",
  volume =       "23",
  number =       "3",
  pages =        "233--242",
  month =        jul,
  year =         1989,
}

@Misc{Bush:2005:CCL,
  author = "21st Century Community Learning Centers",
  title = "http://www.ed.gov/programs/21stcclc/index.html"
}
@InProceedings{Cassell:1994:ACR,
  author = "Justine Cassell and Catherine Pelachaud and Norman Badler and Mark Steedman and Brett Achorn and Tripp Bechet and Brett Douville and Scott Prevost and Matthew Stone",
  booktitle = "SIGGRAPH",
  title = "Animated Conversation: Rule-based Generation of Facial Expression Gesture and Spoken Intonation for Multiple Conversational Agents",
  year = 1994,
  month = jul,
  pages = "413-420",
}

@Article{Catmull:1978:RGB,
  author =       "E. Catmull and J. Clark",
  title =        "Recursively Generated B-Spline Surfaces on Arbitrary Topological Meshes",
  year =         1978,
  month =        sep,
  journal =      "Computer-Aided Design",
  volume =       "10",
  pages =        "350--355",
}

@Article{Cavanagh:1976:SEW,
  author =       "G. A. Cavagna and H. Thys and A. Zamboni",
  title =        "The Source of External Work in Level Walking and Running",
  year =         "1976",
  journal =      "Journal of Physiology",
  volume =       "262",
  pages =        "639--657",
}

@InProceedings{Chenney:2000:SPS,
  pages =        "219--228",
  year =         2000,
  title =        "Sampling Plausible Solutions to Multi-Body Constraint
                 Problems",
  author =       "Stephen Chenney and David A. Forsyth",
  booktitle =    "SISGGRAPH",
  month = aug,
}

@article{Cirak:2000:SSN,
  author =       "Fehmi Cirak and Michael Ortiz and Peter Schr{\"{o}}der",
  title =        "Subdivision Surfaces: A New Paradigm for Thin-shell Finite-element Analysis",
  journal =      "International-Journal-for-Numerical-Methods-in-Engineering",
  volume =       "47",
  number =       "12",
  pages =        "2039-2072",
  month =        apr,
  year =         2000,
}

@Manual{CMU:2008:MCD,
  title          = "CMU Motion Capture Database, http://mocap.cs.cmu.edu/",
  URL            = "http://mocap.cs.cmu.edu/",
}

@InProceedings{Cohen:1992:ISC,
  author =       "Michael F. Cohen",
  title =        "Interactive Spacetime Control for Animation",
  pages =        "293--302",
  booktitle =    "SIGGRAPH",
  volume =       "26",
  year =         1992,
  month =        jul,
}

@Article{Crownninshield:1981:PCM,
  author         = "Roy D. Crownninshield and Richard A. Brand",
  title          = "A Physiologivcallly Based Criterion of Muscle Force Prediction in Locomotion",
  year           = 1981,
  journal        = "Journal of Biomechanics",
  volume         = 14,
  number         = 11,
  pages          = "793--801",
}

@Articles{daSilva:2008:ISS,
	Author = {Marco da Silva and Yeuhi Abe and Jovan Popovi\'{c}},
	Location = {Los Angeles, California},
	Pages = {1--10},
	Title = {Interactive simulation of stylized human locomotion},
	Year = {2008},
        Journal = "ACM Trans. on Graphics (SIGGRAPH)",
        Volume = {27},
        Number = {3},
}

@InProceedings{Debunne:1999:IMA,
   author = "Gilles Debunne and Mathieu Desbrun and Alan Barr and Marie-Paule Cani",
   title = "Interactive Multiresolution Animation of Deformable Models",
   booktitle = "Computer Animation and Simulation",
   year = 1999,
   month = sep,
}

@Article{Deleva:1996:AZS,
  author         = "Paolo de Leva",
  title          = "Adjustments to Zatsiorsky-Seluyanov's Segment Inertia Parameters",
  year           = 1996,
  journal        = "Journal of Biomechanics",
  volume         = 29,
  number         = 9,
  pages          = "1223--1230",
}

@Book{Dennis:1983:NMU,
    author      = "J. E. Dennis and Robert B. Schnabel",
    title       = "Numerical Methods for Unconstrained Optimization and Nonlinear Equations",
    publisher   = "Prentice-Hall, Inc.",
    city        = "Englewood Cliffs",
    year        = 1983,
}

@InProceedings{Derose:1998:SSC,
  author =       "Tony De Rose and Michael Kass and Tien Truong",
  title =        "Subdivision Surfaces in Character Animation",
  booktitle =    "SIGGRAPH",
  year =         1998,
  month =        jul,
  pages =        "85--94",
}

@InProceedings{Desbrun:1999:IAS,
   author = "Mathieu Desbrun and Peter Schr{\"{o}}der and Al Barr",
   title = "Interactive Animation of Structured Deformable Objects",
   booktitle = "Graphics Interface",
   year = 1999,
   month = jun,
   pages = "1--8",
}

@Article{Donald:1993:KMP,
  author =       "B. Donald and P. Xavier and J. Canny and J. Reif",
  title          = "Kinodynamic Motion Planning",
  year           = 1993,
  journal        = "Journal of the ACM",
  volume         = 40,
  number         = 5,
}


@InProceedings{Drucker:1994:ICC,
  author =       "Steven M. Drucker and David Zeltzer",
  title =        "Intelligent Camera Control in a Virtual Environment",
  booktitle =    "Graphics Interface",
  year =         1994,
  month =        may,
}

@Article{Dul:1984:MS,
  author         = "J. Dul and M.A. Townsend and R. Shiavi and G.E. Johnson",
  title          = "Muscular Synergism I. On Criteria for Load Sharing
Between Synergistic Muscles",
  year           = 1984,
  journal        = "Journal of Biomechanics",
  volume         = 17,
  number         = 9,
  pages          = "663--673",
}


@Inproceedings{Faloutsos:2001:CCF,
 author = "Petros Faloutsos and Michiel van de Panne and Demetri
    Terzopoulos",
 title = "Composable Controllers for Physics-Based Character Animation",
 year = 2001,
 month = aug,
 booktitle = "SIGGRAPH",
 pages = "251-260",
}

@Article{Fang:2003:ESP,
 author = "Anthony C. Fang and Nancy S. Pollard",
 title = "Efficient Synthesis of Physically Valid Human Motion",
 journal = "ACM Trans. on Graphics (SIGGRAPH)",
 year = 2003,
 month = jul,
 pages = "417--426",
 }

@Article{Farley:1999:LSP,
  author = "C.T. Farley and D.C. Morgenroth",
  title = "Leg Stiffness Primarily Depends on Ankle Stiffness During Human Hopping",
  journal = "Journal of Biomechanics",
  year = 1999,
  volume = "32",
  pages = "267--273",
}

@article{Ferris:1999:RAL,
  author = "D.P. Ferris and K. Liang and C.T. Farley",
  title = "Runners Adjust Leg Stifffness for Their First Step on a New Running Surface",
  year = 1999,
  journal = "Journal of Biomechanics",
  volume = "32",
  pages = "787--794"
}

@Article{Fitzpatrick:1992:ASS,
  author = "R.C. Fitzpatrick and J.L. Taylor and D.I. McCloskey",
  title = "Ankle Stiffness of Standing Humans in Response to Imperceptible Perturbation: Reflex and Task-dependent Components",
  journal = "Journal of Physiology",
  year = 1992,
  volume = "454",
  pages = "533--547",
}

@Book{Fletcher:1987:PMO,
    author      = "Roger Fletcher",
    title       = "Practical Methods of Optimization",
    publisher   = "Wiley",
    city        = "Chichester",
    year        = 1987,
}

@Article{Full:2002:QDS,
  author = "R.J. Full and T. Kubow and J. Schmitt and P. Holmes and
  D. Koditschek",
  title = "Quantifying Dynamic Stability and
  Maneuverability in Legged Locomotion",
  year = 2002,
  journal = "Integ. and Comp. Biol",
  volume = 42,
  pages = "129--157"
}

@Article{Full:1999:TAN,
  author    = "R. J. Full and D. E. Koditschek",
  title     = "Templates and anchors: Neuromechanical Hypothesis of Legged Locomotion on Land",
  year      = 1999,
  month     = nov,
  volume = 202,
pages = {3325--3332},
journal = {Journal of Experimental  Biology}
}

@Article{Full:1993:SML,
  author =       "R. Blickhan and R.J. Full",
  title          = "Similarity in Multilegged Locomotion: Bouncing
  Like a Monopode",
  year           = 1993,
  journal        = "Journal of Comparative Physiology",
  volume         = 173,
  pages          = "509--517",
}

@Techreport{Gill:1996:SNP,
  author         = "P.E. Gill and M.A. Saunders and W. Murray",
  title          = "SNOPT: An SQP Algorithm for Large-scale Constrained
Optimization",
  year           = 1996,
  institution    = "University of California, San Diego",
  number         = "NA 96-2",
}

@Book{Gill:1989:PO,
    author      = "Philip E. Gill and Walter Murray and Margaret H. Wright",
    title       = "Practical Optimization",
    publisher   = "Academic Press",
    city        = "London",
    year        = 1989,
}

@Inproceedings{Gleicher:2001:MPE,
 author = "Michael Gleicher",
 title = "Motion Path Editing",
 year = 2001,
 month = mar,
 booktitle = "Symposium on Interactive 3D Graphics",
 pages = "195--202",
}

@InProceedings{Gleicher:1992:TLC,
  author =       "Michael Gleicher and Andrew Witkin",
  title =        "Through-the-lens Camera Control",
  pages =        "331--340",
  booktitle =    "SIGGRAPH",
  volume =       26,
  year =         1992,
  month =        jul,
}

@InProceedings{Gleicher:1998:RMN,
  author =       "Michael Gleicher",
  title =        "Retargeting Motion to New Characters",
  booktitle =    "SIGGRAPH",
  year =         1998,
  month =        jul,
  pages =        "33--42",
}

@InProceedings{Gleicher:1997:MES,
  author =       "Michael Gleicher",
  title =        "Motion Editing with Spacetime Constraints",
  booktitle =    "Symposium on Interactive 3D Graphics",
  pages =        "139--148",
  year =         1997,
  month =        apr,
}

@Article{Gleicher:1998:CMA,
  author =       "Michael Gleicher and Peter Litwinowicz",
  title =        "Constraint-based Motion Adaptation",
  journal =      "The Journal of Visualization and Computer Animation",
  year =         1998,
  volume =       9,
  number =       2,
  pages =        "65--94",
}

@InProceedings{Gortler:1995:HAV,
   author = "Steven J. Gortler and Michael F. Cohen",
   title = "Hierarchical and Variational Geometric Modeling with Wavelets",
   booktitle = "Symposium on Interactive 3D Graphics",
   year = 1995,
   month = apr,
   pages = "35--42",
}

@InProceedings{Gortler:1993:WR,
   author = "Steven J. Gortler and Peter Schr{\"{o}}der and Michael F. Cohen and Pat Hanrahan",
   title = "Wavelet Radiosity",
   booktitle = "SIGGRAPH",
   year = 1993,
   month = aug,
   pages = "221--230",
}


@InProceedings{Gourret:1989:SOO,
   author = "Jean-Paul Gourret and Nadia Magnenat Thalmann and Daniel Thalmann",
   title = "Simulation of Object and Human Skin Deformations in a Grasping Task",
   volume = "23",
   number = "3",
   booktitle = "SIGGRAPH",
   year = 1989,
   month = jul,
   pages = "21--30",
}

@Phdthesis{Grassia:2000:Phd,
  author    = "F. Sebastian Grassia",
  title     = "Believeable Automatically Synthesized Motion by Knowledge-Enhanced Motion Transformation",
  school    = "Carnegie Mellon University",
  year      = 2000,
  month     = aug,
}


@InProceedings{Grieder:2003:RRH,
    author = "P. Grieder and P.A. Parrilo and M. Morari",
    title = "Robust Receding Horizon Control - Analysis \& Synthesis",
    booktitle = "IEEE Conference on Decision and Control",
    pages = "941--946",
    year = 2003,
    month = dec,
}

@Article{Griewank:1989:AD,
  author =       "Andreas Griewank",
  title          = "On automatic differentiation",
  year           = 1989,
  journal        = "Mathematical Programming: Recent Developments and Applications",
  pages          = "83--108",
}


@Article{Grochow:2004:SIK,
 author = "Keith Grochow and Steven L. Martin and Aaron Hertzmann and Zoran Popovi\'{c}",
 title =  "Style-based Inverse Kinematics",
 journal = "ACM Trans. on Graphics (SIGGRAPH)",
 year = 2004,
 volume = "23",
 number = "3",
 pages = "522--531",
 month = jul,
}


@InProceedings{Gugino:1996:NIF,
  author = "V. Gugino and W. Cote and M. Karapelou and L. Aglio and M. Shenton and G. Potts and E. Alexander",
  title = "Non-invasive Functional Brain Mapping Using Registered Transcranial Magnetic Stimulation",
  booktitle = "IEEE Workshop on Mathematical Methods in Biomedical Image Analysis",
  year = 1996,
}

@Article{Higginson:2006:EEF,
  author = "J.S. Higginson and F.E. Zajac and R.R. Neptune and S.A. Kautz and C.G. Burgar and S.L. Delp",
  title = "Effect of Equinus Foot Placement and Intrinsic Muscle Response on Knee Extension during Stance",
  journal = "Gait and Clinical Movement Analysis Society",
  year = 2006,
  volume = "23",
  pages = "32-36",
}

@Article{Hiton:2000:TPE,
  author         = "Geoffrey E. Hinton",
  title          = "Training Products of Experts by Minimizing Contrastive Divergence",
  year           = 2002,
  journal        = "Neural Computation",
  volume         = "14",
  number         = "8",
  pages          = "1771--1800",
}

@InProceedings{Hodgins:1992:GNL,
  author =       "Jessica K. Hodgins and Paula K. Sweeney and David G.
                 Lawrence",
  title =        "Generating Natural-looking Motion for Computer
                 Animation",
  pages =        "265--272",
  booktitle =    "Graphics Interface",
  year =         1992,
  month =        may,
}


@Article{Hodgins:1998:AHM,
  author =       "Jessica K. Hodgins",
  title =        "Animating Human Motion",
  journal =      "Scientific American",
  volume =       "278",
  number =       "3",
  pages =        "64--69",
  month =        mar,
  year =         1998,
}

@InProceedings{Hodgins:1997:ASB,
   author = "Jessica K. Hodgins and Nancy S. Pollard",
   title = "Adapting Simulated Behaviors for New Characters",
   journal = "SIGGRAPH",
   year = 1997,
   pages = "153--162",
   month = aug,
}


@InProceedings{Hodgins:1995:AHA,
   author = "Jessica K. Hodgins and Wayne L. Wooten and David C. Brogan and James F. O'Brien",
   title = "Animating Human Athletics",
   booktitle = "SIGGRAPH",
   year = 1995,
   month = aug,
   pages = "71--78",
}

@Article{Hollerbach:1980:RLF,
  author         = "J. K. Hollerbach",
  title          = "A Recursive Lagrangian Formulation of Manipulator Dynamics and a Comparative Study of Dynamics Formulation Complexity",
  year           = 1980,
  month          = nov,
  journal        = "IEEE Transactions on Systems, Man, and Cybernetics",
  volume         = 10,
  number         = 11,
  pages          = "730--736"
}



@Article{Horn:1987:CSA,
  author =       "Berthold K. P. Horn",
  title =        "Closed-Form Solution of Absolute Orientation Using
                 Unit Quaternions",
  journal =      "Journal of the Optical Society of America",
  volume =       "4",
  number =       "4",
  month =        apr,
  year =         1987,
  pages =        "629--642",
}


@InProceedings{Igarashi:1999:TAS,
   author = "Takeo Igarashi and Satoshi Matsuoka and Hidehiko Tanaka",
   title = "Teddy: A Sketching Interface for 3D Freeform Design",
   journal = "SIGGRAPH",
   year = 1999,
   month = aug,
   pages = "409--416",
}

@Article{Ishigaki:2009:PBC,
 author = "Satoru Ishigaki and Timothy M. White and Victor B. Zordan and C. Karen Liu",
 title =  "Performance-based Control Interface for Character Animation",
 journal = "ACM Transactions on Graphics (SIGGRAPH)",
 year = 2009,
 volume = "28",
 number = "3",
 month = aug,
}

@Article{Jadbabaie:2001:URH,
  author = "Ali Jadbabaie and Jie Yu and John Hauser",
  title = "Unconstrained Receding-Horizon Control of Nonlinear System",
  journal = "IEEE Transactions on Automatic Control",
  year = 2001,
  volume = "46",
  number = "5",
  month = may,
}

@Article{Jain:2009:OIM,
	Address = {New York, NY, USA},
	Author = {Jain, Sumit and Ye, Yuting and Liu, C. Karen},
	Journal = {ACM Trans. Graph.},
	Number = {1},
	Pages = {1--12},
	Publisher = {ACM},
	Title = {Optimization-based interactive motion synthesis},
	Volume = {28},
	Year = {2009},
}

@Inproceedings{Jain:2009:ISH,
  author =       "Sumit Jain and C. Karen Liu",
  title =        "Interactive Synthesis of Human-Object Interaction",
  booktitle =    "ACM SIGGRAPH/Eurographics Symposium on Computer Animation",
  pages =        "173--182",
  year = 2009,
  address="New Orleans, Louisiana",
  month = aug,
  note = "Acceptance rate: 38\%",
}

@InProceedings{James:1999:AAR,
   author = "Doug L. James and Dinesh K. Pai",
   title = "ArtDefo - Accurate Real Time Deformable Objects",
   booktitle = "SIGGRAPH",
   year = 1999,
   month = aug,
   pages = "65--72",
}


@InProceedings{Kallmann:2005:HMC,
  author = "Marcelo Kallmann and Stacy Marsella",
  title = "Hierarchical Motion Controllers for Real-Time Autonomous Virtual Humans",
  booktitle = "Intelligent Virtual Agents",
  year = 2005,
  volume = "3661",
}


@Article{Kaufman:2005:FFD,
  author = "Danny M. Kaufman and Timothy Edmunds and Dinesh K. Pai",
  title = "Fast Frictional Dynamics for Rigid Bodies",
  journal = "ACM Trans. on Graphics (SIGGRAPH)",
  volume = "24",
  number = "3",
  year = 2005,
  month = jul
}

@InProceedings{Kearney:1991:CMS,
  author         = "Joseph K. Kearney and Stuart Hansen",
  title          = "The Composition of Motion Sequences for Animation",
  pages          = "152--162",
  booktitle      = "COMPUGRAPHICS",
  year           = 1991,
  month          = sep,
}


@InProceedings{Kim:2002:RZC,
  author = "Jinhyun Kim and Wan Kyun Chung, Younggil Youm and Beom Hee Lee",
  title = "Real-Time ZMP Compensation Method Using Null Motion",
  year = 2002,
  month = may,
  booktitle = "ICRA",
  pages = "1967--1972"
}

@Article{King:1999:GVV,
author = "Deborah King",
title = "Generating Vertical Velocity and Angular Momentum During Skating Jumps",
journal = "23rd Annual Meeting of the American Society of Biomechanics",
year = 1999,
month = Oct,
}



@InProceedings{Ko:1993:SLW,
  author         = "Hyeongseok Ko and Norman I. Badler",
  title          = "Straight Line Walking Animation Based on
  Kinematic Generalization that Preserves the Original Characteristics",
  pages          = "9--16",
  booktitle      = "Graphics Interface",
  year           = 1993,
  month          = may,
}

@Article{Ko:1996:AHL,
  author =       "Hyeongseok Ko and Norman I. Badler",
  title =        "Animating Human Locomotion with Inverse Dynamics",
  journal =      "IEEE Computer Graphics and Applications",
  volume =       "16",
  number =       "2",
  pages =        "50--59",
  month =        mar,
  year =         1996,
}

@InProceedings{Koch:1996:SFS,
   author = "R. M. Koch and M. H. Gross and F. R. Carls and D. F. von B{\"{u}}ren and G. Fankhauser and Y. Parish",
   title = "Simulating Facial Surgery Using Finite Element Methods",
   booktitle = "SIGGRAPH",
   year = 1996,
   month = aug,
   pages = "421--428",

}

@InProceedings{Koga:1994:PMI,
  author =       "Yoshihito Koga and Koichi Kondo and James Kuffner and
                 Jean-Claude Latombe",
  booktitle =    "SIGGRAPH",
  title =        "Planning Motions with Intentions",
  pages =        "395--408",
  month =        jul,
  year =         1994,
}

@Phdthesis{Koga:1994:Phd,
  author    = "Yoshiaki Koga",
  title         = "On Computing Multi-arm Manipulation Trajectories",
  school    = "Stanford University",
  year      = 1994,
  month     = feb,
}

@Article{Kovar:2002:MG,
author = "Lucas Kovar and Michael Gleicher and Fr{\'{e}}d{\'{e}}ric Pighin",
title = "Motion Graphs",
year = 2002,
month = jul,
journal = "ACM Trans. on Graphics (SIGGRAPH)",
volume = "21",
number = "3",
pages = "473--482",
}

@Article{Kuffner:2002:DSM,
author = "James J. Kuffner and Satoshi Kagami and Koichi Kishiwaki and Masayuki Inaba and Hirochika Inoue",
title = "Dynamically-stable Motion Planning for Humanoid Robots",
year = 2002,
month = jan,
pages = "105--118",
volume = "12",
number = "1",
journal = "Autonomous Robots"
}

@Inproceedings{Kuffner:2001:MPF,
 author = "James Kuffner and Koichi Kishiwaki and Satoshi Kagami and Masayuki Inaba and Hirochika Inoue",
 title = "Motion Planning for Humanoid Robots Under Obstacle and Dynamic Balance Constraints",
 year = 2001,
 month = may,
 pages = "692--698",
 booktitle = "ICRA"
}

@Inproceedings{Komura:2004:ARM,
 author = "Taku Komura and Howard Leung and James Kuffner",
 title = "Animating Reactive Motions for Biped Locomotion",
 booktitle = "VRST '04: Proceedings of the ACM symposium on Virtual reality software and technology",
 year = "2004",
 pages = "32--40",
 location = "Hong Kong",
}

@InProceedings{Kuo:1995:CMH,
  author = "A.D. Kuo",
  title = "Control Model of Human Postural Strategy Selection",
  booktitle = "Medicine and Biology Society Conference Posture Control Symposium",
  year = 1995,
}


@InProceedings{Lamouret:1993:AAG,
  author =       "Alexis Lamouret and Marie-Paule Gascuel",
  title =        "An Approach for Guilding Colliding Physically-based Models",
  booktitle =    "Eurographics Workshop on Animation",
  year =         1993,
}

@InProceedings{Lamouret:1996:MSE,
  booktitle =    "Computer Animation and Simulation",
  year =         1996,
  author =       "Alexis Lamouret and Michiel van de Panne",
  title =        "Motion Synthesis By Example",
  pages =        "199--212",
}

@Book{Lanczos:1970:VPM,
    author      = "Cornelius Lanczos",
    title       = "The Variational Principles of Mechanics",
    publisher   = "University of Toronto Press",
    city        = "Toronto",
    year        = 1970,
}

@Inproceedings{Laszlo:1996:LCC,
 author = "Joseph Laszlo and Michiel van de Panne and Eugene Fiume",
 title = "Limit Cycle Control and Its Application to the Animation of Balancing and Walking",
 booktitle = "SIGGRAPH",
 year = 1996,
 pages = "155--162",
}

@InProceedings{Laszlo:2000:ICF,
   author = "Joseph Laszlo and Michiel van de Panne and Eugene L. Fiume",
   title = "Interactive Control For Physically-Based Animation",
   booktitle = "SIGGRAPH",
   year = 2000,
   month = jul,
   pages = "201--208",
}

@Book{Latombe:1991:RMP,
    author      = "J.C. Latombe",
    title       = "Robot Motion Planning",
    publisher   = "Kluwer Academic Publisheres",
    city        = "Boston",
    year        = 1991,
}

@Article{Lee:2002:ICO,
author = "Jehee Lee and Jinxiang Chai and Paul S. A. Reitsma and Jessica K.
    Hodgins and Nancy S. Pollard",
title = "Interactive Control of Avatars Animated with Human Motion Data",
year = 2002,
month = jul,
journal = "ACM Trans. on Graphics (SIGGRAPH)",
volume = "21",
number = "3",
pages = "491--500",
}


@InProceedings{Lee:1999:HAI,
  author =       "Jehee Lee and Sung Yong Shin",
  title =        "A Hierarchical Approach to Interactive Motion Editing for Human-like Figures",
  booktitle =    "SIGGRAPH",
  year =         1999,
  month =        aug,
}

@Article{Li:2002:MTA,
  author = "Yan Li and Tianshu Wang and Heung-Yeung Shum",
  title = "Motion Texture: A Two-Level Statistical Model for Character Motion Synthesis",
  year = 2002,
  month = jul,
  journal = "ACM Trans. on Graphics (SIGGRAPH)",
  volume = "21",
  number = "3",
  pages = "465--472",
}

@InProceedings{Litwinowicz:1994:AID,
  author         = "Peter Litwinowicz and Lance Williams",
  title          = "Animating Images with Drawings",
  pages          = "409--412",
  booktitle      = "SIGGRAPH",
  year           = 1994,
  month          = jul,
}

@Phdthesis{Liu:1996:PhD,
  author    = "Zicheng Liu",
  title          = "Efficient Animation Techniques Balancing Both User Control
 and Physical Realism",
  school    = "Princeton University",
  year      = 1996,
  month     = nov,
}


@InProceedings{Liu:1995:ESI,
  author =       "Zicheng Liu and Michael F. Cohen",
  title =        "An Efficient Symbolic Interface to Constraint Based Animation Systems",
  booktitle =    "Eurographics Workshop on Animation",
  year =         1995,
  month =        sep,
}

@InProceedings{Liu:KMO:1995,
  author =       "Zicheng Liu and Michael F. Cohen",
  title =        "Keyframe Motion Optimization by Relaxing Speed and Timing",
  booktitle =    "Computer Animation and Simulation Eurographics Workshop",
  year =         1995,
  month =        sep
}

@InProceedings{Liu:1994:HSC,
  author =       "Zicheng Liu and Steven J. Gortler and Michael F. Cohen",
  title =        "Hierarchical Spacetime Control",
  booktitle =    "SIGGRAPH",
  year =         1994,
  month =        jul,
  pages =        "35--42",
}


@Article{Liu:2002:SCD,
 author = "C. Karen Liu and Zoran Popovi\'{c}",
 title = "Synthesis of Complex Dynamic Character Motion from Simple Animations",
 journal = "ACM Trans. on Graphics (SIGGRAPH)",
 year = 2002,
 month = jul,
 volume = "21",
 number = "3",
 pages = "408--416",
 }


@Article{Liu:2005:LPM,
 author = "C. Karen Liu and Aaron Hertzmann and Zoran Popovi\'{c}",
 title =  "Learning Physics-Based Motion Style with Nonlinear Inverse Optimization",
 journal = "ACM Trans. on Graphics (SIGGRAPH)",
 year = 2005,
 volume = "24",
 number = "3",
 pages = "1071--1081",
 month = jul,
}

@Inproceedings{Liu:2008:SIH,
  author = "C. Karen Liu",
  title = "Synthesis of Interactive Hand Animation",
  booktitle = "ACM SIGGRAPH/Eurographics Symposium on Computer Animation",
  year = 2008,
  month = jul,
  address = "Dublin, Ireland",
 note = "Acceptance rate: 40\%",
}

@Article{Liu:2009:DMS,
 author = "C. Karen Liu",
 title =  "Dextrous Manipulation from a Single Grasping Pose",
 journal = "ACM Transactions on Graphics (SIGGRAPH)",
 year = 2009,
 volume = "28",
 number = "3",
 month = aug,
}


@Article{Lounsbery:1997:MAS,
  author =       "Michael Lounsbery and Tony D. DeRose and Joe Warren",
  title =        "Multiresolution Analysis for Surfaces of Arbitrary
                 Topological Type",
  journal =      "ACM Trans. on Graphics",
  volume =       "16",
  number =       "1",
  pages =        "34--73",
  month =        jan,
  year =         1997,
}

@Article{Macchietto:2009:MCB,
	Author = {Macchietto, Adriano and Zordan, Victor and Shelton, Christian R.},
	Journal = {ACM Trans. Graph. (SIGGRAPH)},
	Number = {3},
	Pages = {1--8},
	Title = {Momentum control for balance},
	Volume = {28},
	Year = {2009},
}

@Article{MacCracken:1996:FDL,
  author =       "Ron MacCracken and Kenneth I. Joy",
  title =        "Free-Form Deformations with Lattices of Arbitrary Topology",
  journal =      "Computer Graphics",
  volume =       "30",
  pages =        "181--188",
  year =         1996,
}

@Article{Maiocchi:1990:DAS,
  author         = "Roberto Maiocchi and Barbara Pernici",
  journal        = "The Visual Computer",
  year           = 1990,
  journal        = "Directing an Animated Scene with Autonomous Actors",
  volume         = 6,
  number         = 6,
  pages          = "359--371",
}

@Book{Maybeck:1982:SME,
    author      = "Peter S. Maybeck",
    title       = "Stochastic Models, Estimation, and Control",
    publisher   = "Academic-Press, Inc.",
    city        = "New York",
    year        = 1982,
}

@InProceedings{Mayer:2000:NBM,
  author = "Emeran Mayer",
  title = "The Neurobiology Basis of Mind Body Medicine",
  booktitle = "IFFGD",
  year = 2000,
}

@InProceedings{Metaxas:1992:DDS,
   author = "Dimitri Metaxas and Demetri Terzopoulos",
   title = "Dynamic Deformation of Solid Primitives with Constraints",
   volume = "26",
   number = "2",
   booktitle = "SIGGRAPH",
   year = 1992,
   month = jul,
   pages = "309--312",
}


@InProceedings{Moore:1988:CDR,
  author =       "Matthew Moore and Jane Wilhelms",
  title =        "Collision Detection and Response for Computer
                 Animation",
  pages =        "289--298",
  booktitle =    "SIGGRAPH",
  volume =       22,
  year =         1988,
  month =        aug,
}

@Article{Muico:2009:CAN,
	Author = {Muico, Uldarico and Lee, Yongjoon and Popovi\'{c}, Jovan and Popovi\'{c}, Zoran},
	Journal = {ACM Trans. Graph. (SIGGRAPH)},
	Number = {3},
	Pages = {1--9},
	Title = {Contact-aware nonlinear control of dynamic characters},
	Volume = {28},
	Year = {2009},
}

@Manual{Natural:2006:END,
  author         = "NaturalMotion",
  title          = "Endorphin",
  year           = 2006,
  booktitle            = "www.naturalmotion.com",
}

@InProceedings{Neff:2002:MTA,
  author = "Michael Neff and Eugene Fiume",
  title = "Modeling Tension and Relaxation for Computer Animation",
  year = 2002,
  month = jul,
  booktitle = "Eurographics/SIGGRAPH Symposium on Computer Animation",
  pages = "81--88",
}

@InProceedings{NGO:1993:SCR,
  author =       "J. Thomas Ngo and Joe Marks",
  title =        "Spacetime Constraints Revisited",
  booktitle =    "SIGGRAPH",
  year =         1993,
  pages =        "343--350",
  month =        aug,
  volume =       27,
}


@Article{Oshita:2001:DMC,
   author = "Masaki Oshita and Akifumi Makinouchi",
   title = "A Dynamic Motion Control Technique for Human-like Articulated Figures",
   volume = "20",
   number = "3",
   journal = "Computer Graphics Forum",
   year = 2001,
   pages = "192--202",
}

@Article{Pai:1997:COM,
  author         = "Yi-Chung Pai and James Patton",
  title          = "Center of Mass Velocity-Position Predictions for Balance Control",
  year           = 1997,
  journal        = "Journal of Biomechanics",
  volume         = 30,
  pages          = "347--354",
}

@Article{Pandy:1991:OTM,
  author         = "M.G. Pandy and F.E. Zajac",
  title          = "Optimum Timing of Muscle Activation for Simple
  Models of Throwing",
  year           = 1991,
  journal        = "Journal of Biomechanics",
  volume         = 24,
  pages          = "1--10",
}

@Article{Pandy:1990:OCM,
  author         = "M.G. Pandy and F.E. Zajac and E. Sim and
  W.S. Levine",
  title          = "An Optimal Control Model of Maximum-height
  Human Jumping",
  year           = 1990,
  journal        = "Journal of Biomechanics",
  volume         = "23",
  pages          = "1185--1198",
}

@Article{Pandy:1992:POA,
  author         = "M.G. Pandy and F.C. Anderson and D.G. Hull",
  title          = "A Parameter Optimization Approach for the Optimal Control
of Large-Scale Musculoskeletal Systems",
  year           = 1992,
  journal        = "Journal of Biomechanical Engineering",
  month          = nov,
  pages          = "450--460",
}


@Article{Pandy:2001:CMA,
  author = "Marcus G. Pandy",
  title = "Computer Modeling and Simulation of Human Movement",
  journal = "Annu. Rev. Biomed. Eng.",
  year = "2001",
  volume = "3",
  pages = "245--273",
}

@Book{Papalambros:1988:POD,
    author      = "Panos Y. Papalambros and Douglass J. Wilde",
    title       = "Principles of Optimal Design",
    publisher   = "Cambridge University Press",
    city        = "Cambridge",
    year        = 1988,
}

@Article{Patton:1998:EMD,
  author = "James L. Patton and Yi-Chung Pai and Wynne A. Lee",
  title = "Evaluation of a Model that Determines the stability Limits of Dynamic Balance",
  year = 1998,
  journal = "Gait and Posture",
  month = apr,
}

@Article{Pedotti:1978:OMS,
  author         = "A. Pedotti and V.V. Krishnan and L. Stark",
  title          = "Optimization of Muscle-force Sequencing in
  Human Locomotion",
  year           = 1978,
  journal        = "Math. Biosci.",
  volume         = "38",
  pages          = "57--76",
}

@Article{Pearsall:1994:IPH,
  author         = "D.J. Pearsall and J.G. Reid and R. Ross",
  title          = "Inertial Properties of the Human Trunk of Males Determined from Magnetic Resonance Imaging",
  year           = 1994,
  journal        = "Annals of Biomed. Eng.",
  volume         = "22",
  pages          = "692--706",
}

@InProceedings{Pentland:1989:GVM,
   author = "Alex Pentland and John Williams",
   title = "Good Vibrations: Modal Dynamics for Graphics and Animation",
   volume = "23",
   number = "3",
   booktitlel = "SIGGRAPH",
   year = 1989,
   month = jul,
   pages = "215--222",
}

@Article{Perlin:1995:RRA,
  author         = "Ken Perlin",
  title          = "Real time Responsive Animation with Personality",
  year           = 1995,
  month          = jul,
  journal        = "IEEE Transactions on Visualization and Computer Graphics",
  volume         = "I",
  number         = 1,
}

@InProceedings{Platt:1988:CMF,
   author = "John C. Platt and Alan H. Barr",
   title = "Constraint Methods for Flexible Models",
   volume = "22",
   number = "4",
   booktitle = "SIGGRAPH",
   year = 1988,
   month = aug,
   pages = "279--288",
}

@Inproceedings{Pollard:1999:SMF,
 author = "Nancy S. Pollard",
 title = "Simple Machines for Scaling Human Motion",
 year = 1999,
 month = sep,
 booktitle = "Computer Animation and Simulation",
}

@Inproceedings{Pollard:2001:AHC,
 author = "Nancy S. Pollard and Paul S. A. Reitsma",
 year = 2001,
 title = "Animation of Humanlike Characters: Dynamic Motion Filtering with a Physically Plausible Contact Model",
 booktitle = "Yale Workshop on Adaptive and Learning Systems",
}


@Inproceedings{Pollard:2000:FBME,
 author = "Nancy S. Pollard and Fareed Behmaram-Mosavat",
 title = "Force-Based Motion Editing for Locomotion Tasks",
 booktitle = "IEEE",
 year = 2000,
 month = apr,
}

@Book{Pontryagin:1962:MTO,
  author =       "L. S. Pontryagin and V. G. Boltyanskii and R. V.
                 Gamkrelidze and E. F. Mishchenko",
  address =      "New York, N.Y.",
  publisher =    "John Wiley and Sons",
  title =        "The Mathematical Theory of Optimal Processes",
  year =         1962,
}

@Phdthesis{Popovic:1999:Phd,
  author    = "Zoran Popovi\'{c}",
  title     = "Motion Transformation by Physically Based Spacetime Optimization",
  school    = "Carnegie Mellon University",
  year      = 1999,
  month     = apr
}

@InProceedings{Popovic:1999:PBM,
  author =       "Zoran Popovi\'{c} and Andrew Witkin",
  title =        "Physically Based Motion Transformation",
  booktitle =    "SIGGRAPH",
  year =         1999,
  month =        aug,
  pages =        "11--20"
}

@Phdthesis{Popovic:2001:Phd,
  author    = "Jovan Popovi\'{c}",
  title          = "Interactive Design of Rigid-Body Simulations for Computer Animation",
  school    = "Carnegie Mellon University",
  year      = 2001,
  month     = jul,
}


@InProceedings{Popovic:2000:IMO,
   author = "Jovan Popovi\'{c} and Steven M. Seitz and Michael Erdmann and Zoran Popovi\'{c} and Andrew P. Witkin",
   title = "Interactive Manipulation of Rigid Body Simulations",
   journal = "SIGGRAPH",
   year = 2000,
   month = jul,
   pages = "209--218",
}

@Book{Press:1986:NR,
  author    = "W.H. Press and B.P. Flannery  and S.A. Teukolsky and W.T. Vetterling",
  title     = "Numerical Recipes",
  publisher = "Cambridge University Press",
  CITY      = "Cambridge",
  year      = 1986,
}

@article{Pullen:2002:MCA,
author = "Katherine Pullen and Christoph Bregler",
title = "Motion Capture Assisted Animation: Texturing and Synthesis",
year = 2002,
month = jul,
journal = "ACM Trans. on Graphics (SIGGRAPH)",
volume = "21",
number = "3",
pages = "501--508",
}

@Book{Raibert:1986:LRB,
 author = {Marc H. Raibert},
 title = {Legged Robots That Balance},
 year = {1986},
 publisher = {Massachusetts Institute of Technology},
 address = {Cambridge, MA, USA},
}

@InProceedings{Raibert:1991:ADL,
  author =       "Marc H. Raibert and Jessica K. Hodgins",
  title =        "Animation of Dynamic Legged Locomotion",
  pages =        "349--358",
  booktitle =    "SIGGRAPH",
  volume =       25,
  year =         1991,
  month =        jul,
}

@Article{Rose:1998:VAM,
  author =       "Charles Rose and Michael F. Cohen and Bobby Bodenheimer",
  title =        "Verbs and Adverbs: Multidimensional Motion
                 Interpolation",
  journal =      "IEEE Computer Graphics and Applications",
  year =         1998,
  volume =       18,
  number =       5,
  month =        sep,
}

@InProceedings{Rose:1996:EGM,
  author =       "Charles Rose and Brian Guenter and Bobby Bodenheimer and Michael Cohen",
  title =        "Efficient Generation of Motion Transitions using Spacetime Constraints",
  booktitle =    "SIGGRAPH",
  year =         1996,
  month =        aug,
  pages =        "147--154"
}

@Article{Roweis:1998:AUR,
title = { A Unifying Review of Linear Gaussian Models},
author = {Sam Roweis and Zoubin Ghahramani},
year = 1998,
month = feb,
journal = {Neural Computation},
volume = 11,
number = 2
}

@Techreport{Smith:2006:ODE,
  author         = "Russell Smith",
  title          = "Open Dynamics Engine v0.5 User Guide",
  year           = 2006,
  institution    = "GNU Lesser General Public License",
}


@Article{Safonova:2004:SPR,
 author = "Alla Safonova and Jessica K. Hodgins and Nancy S. Pollard",
 title = "Synthesizing Physically Realistic Human Motion in Low-dimensinal, Behavior-specific Spaces",
 journal = "ACM Trans. on Graphics (SIGGRAPH)",
 year = 2004,
 pages = "514--521",
 volume = "23",
 number = "3",
 }

@Article{Schoenberg:1973:CSI,
  author =       "I. J. Schoenberg",
  title =        "Cardinal Spline Interpolation",
  year =         1973,
  journal =      "CBMS (Conf. Board of the Mathematical Sciences)",
  volume =       12,
}


@Article{Seireg:1975:PML,
  author         = "A. Seireg and R. J. Arvikar",
  title          = "The Prediction of Muscular Load Sharing and Joint Forces
in the Lower Extremities During Walking",
  year           = 1975,
  journal        = "Journal of Biomechanics",
  volume         = 8,
  pages          = "89--102",
}

@Article{Seygarth:1999:DLJ,
  author =   "A. Seyfarth A. Friedrichs V. Wank R. Blickhan",
  title =    "Dynamics of the Long Jump",
  journal =   "Jornal of Biomechanics",
  year =     1999,
  volume =   "32",
  pages =    "1259--1267",
}


@Book{Shabana:1998:DMS,
  author =       "A. Shabana",
  title =        "Dynamics of Multibody Systems",
  publisher =    "Cambridge University Press",
  year =         1998,
}

@InProceedings{Shao:2005:AP,
  author = "Wei Shao and Demetri Terzopoulos",
  title = "Autonomous Pedestrians",
  booktitle =    "Eurographics/SIGGRAPH Symposium on Computer Animation",
  year = 2005,
  month = jul,
  pages = "19--28",
}

@InProceedings{Sharon:2005:SCS,
  author = "Dana Sharon and Michiel van de Panne",
  title = "Synthesis of Controllers for Stylized Planar Bipedal Walking",
  booktitle = "ICRA",
  year = 2005,
  month = apr,
}

@Article{Shiller:1991:CGT,
  author =       "Z. Shiller and S. Dubowsky",
  title          = "On Computing the Global Time-Optimal Motions
  of Robotic Manipulators in the Presence of Obstacle",
  year           = 1991,
  journal        = "IEEE Transactions on Robotics and Automation",
  volume         = 7,
  number         = 6,
}

@Article{Shin:1985:MCR,
  author =       "K.G. Shin and N.D. McKay",
  title          = "Minimum-time Control of Robotic Manipulators
  with Geometric Path Constraints",
  year           = 1985,
  journal        = "IEEE Transactions on Automatic Control",
  volume         = "AC-30",
  number         = 6,
  pages          = "531--541",
}

@Article{Shin:2001:CP,
 author = "Hyun Joon Shin and Jehee Lee and Michael Gleicher and Sung Yong
    Shin",
 Title = "Computer Puppetry: An Importance-Based Approach",
 year = 2001,
 month = apr,
 journal = "ACM Trans. on Graphics",
 volume = 20,
 number = 2,
 pages = "67--94",
}

@InProceedings{Shin:2003:PTH,
  author =       "Hyun Joon Shin and Lucas Kovar and Michael Gleicher",
  title =        "Physical Touch-up of Human Motions",
  booktitle =    "Pacific Graphics",
  month =        oct,
  year =         2003,
}

@InCollection{Shoemake:1994:FBT,
  author =       "Ken Shoemake",
  title =        "Fiber Bundle Twist Reduction",
  booktitle =    "Graphics Gems IV",
  pages =        "230--236",
  publisher =    "Academic Press",
  address =      Boston,
  year =         1994,
}

@InProceedings{Sims:1994:EVC,
  author =       "Karl Sims",
  title =        "Evolving Virtual Creatures",
  booktitle =    "SIGGRAPH",
  year =         1994,
  month =        jul,
}

@Article{Stam:1998:EEC,
  author =       "Jos Stam",
  title =        "Exact Evaluation of Catmull-Clark Subdivision
                 Surfaces at Arbitrary Parameter Values",
  journal =      "Computer Graphics",
  volume =       "32",
  number =       "Annual Conference Series",
  pages =        "395--404",
  month =        aug,
  year =         1998,
}

@Book{Stengel:1986:SOC,
    author      = "Robert F. Stengel",
    title       = "Stochastic Optimal Control",
    publisher   = "John Wiley \& Sons, Inc.",
    city        = "New York",
    year        = 1986,
}

@Book{Stollnitz:1996:WCG,
  author =       "Eric J. Stollnitz and Tony D. DeRose and David H.
                 Salesin",
  year =         1996,
  title =        "Wavelets for Computer Graphics: Theory and
                 Applications",
  address =      "San Francisco, CA",
}


@InProceedings{Sugihara:2002:RHM,
  author = "Tomomichi Sugihara and Yoshihiko Nakamura and Hirochika Inoue",
  title = "Realtime Humanoid Motion Generation Through ZMP Manipulation Based on Inverted Pendulum Control",
  year = 2002,
  month = may,
  booktitle = "ICRA",
  pages = "1404--1409"
}

@Article{Sulejmanpavic:2004:APB,
 author = "Adnan Sulejmanpa\v{s}i\'{c} and Jovan Popovi\'{c}",
 title = "Adaptation of Performed Ballistic Motion",
 year = 2004,
 journal = "ACM Trans. on Graphics",
 number = "1",
 volume = "24",
}

@PhdThesis{Sulejmanpavic:2004:PHD,
  author =   "Adnan Sulejmanpa\v{s}i\'{c}",
  title =    "Adaptation of Performed Ballistic Motion, Master's Thesis",
  school =   "MIT",
  year =     2004,
}

@InProceedings{Tak:2000:MBF,
  author =       "S. Tak and O.-Y. Song and H.-S. Ko",
  title =        "Motion Balance Filtering",
  pages =        "437--446",
  booktitle =    "Proceedings of the 21th European Conference on
                 Computer Graphics",
  month =        aug,
  volume =       "19, 3",
  year =         2000,
}

@InProceedings{Tak:2002:SSI,
  author =       "Seyoon Tak and Oh-Young Song and Hyeong-Seok Ko",
  title =        "Spacetime Sweeping: An Interactive Dynamic Constraints Solver"
,
  booktitle =    "Proceedings of the Computer Animation",
  year =         2002
}

@InProceedings{Tenenbaum:1997:SSC,
  author =       "Joshua B. Tenenbaum and William T. Freeman",
  title =        "Separating Style and Content",
  pages =        "662",
  booktitle =    "Advances in Neural Information Processing Systems",
  volume =       "9",
  year =         "1997",
}


@InProceedings{Terzopoulos:1987:EDM,
   author = "Demetri Terzopoulos and John Platt and Alan Barr and Kurt Fleischer",
   title = "Elastically Deformable Models",
   volume = "21",
   number = "4",
   booktitle = "SIGGRAPH",
   year = 1987,
   month = jul,
   pages = "205--214",
}

@InProceedings{Terzopoulos:1988:PMW,
   author = "Demetri Terzopoulos and Andrew Witkin",
   title = "Physically-based Nodels with Rigid and Deformable Components",
   booktitle = "Graphics Interface",
   year = 1988,
   month = jun,
   pages = "146--154",
}

@InPeoceedings{Terzopoulos:1988:MID,
   author = "Demetri Terzopoulos and Kurt Fleischer",
   title = "Modeling Inelastic Deformation: Viscoelasticity, Plasticity, Fracture",
   volume = "22",
   number = "4",
   booktitle = "SIGGRAPH",
   year = 1988,
   month = aug,
   pages = "269--278",
}

@Article{Terzopoulos:1994:DNG,
   author = "Demetri Terzopoulos and Hong Qin",
   title = "Dynamic NURBS with Geometric Constraints for Interactive Sculpting",
   volume = "13",
   number = "2",
   journal = "ACM Trans. on Graphics",
   year = 1994,
   month = apr,
   pages = "103--136",
}

@Inproceedings{Torkos:1998:FQM,
 author = "Nick Torkos and Michiel van de Panne",
 title = "Footprint-based Quadruped Motion Synthesis",
 year = 1998,
 month = jun,
 booktitle = "Graphics Interface",
 pages = "151--160",
}

@Article{Toth:1998:BBA,
   author = "S. H. Martin Roth and Markus H. Gross and Silvio Turello and Friedrich R. Carls",
   title = "A Bernstein-B{\'{e}}zier Based Approach to Soft Tissue Simulation",
   volume = "17",
   number = "3",
   journal = "Computer Graphics Forum",
   year = 1998,
   pages = "285--294",
}

@Article{Treuille:2006:CC,
  author = "Adrien Treuille and Seth Cooper and Zoran Popovi\'{c}",
  title = "Continuum Crowds",
  journal = "ACM Trans. on Graphics (SIGGRAPH)",
  year = 2006,
  volume = "25",
  number = "3",
  month = jul
}

@Inproceedings{Unuma:1995:FPE,
 author = "Munetoshi Unuma and Ken Anjyo and Ryozo Takeuchi",
 title = "Fourier Principles for Emotion-based Human Figure Animation",
 booktitle = "SIGGRAPH",
 year = 1995,
 pages = "91--96",
 }

@Article{Unuma:1993:GHW,
  author         = "Munetoshi Unuma and Ryozo Takeuchi",
  title          = "Generation of Human Walking Motion with
  Emotion for Computer Animation",
  year           = 1993,
  month          = aug,
  journal        = "Trans. Inst. Electron. Inf. Commun. Eng. D-II (Japan)",
  volume         = "J76D-II",
  pages          = "1822--1831",
}

@InProceedings{Vandepanne:1993:SAN,
  author =       "Michiel van de Panne and Eugene Fiume",
  title =        "Sensor-Actuator Networks",
  booktitle =    "SIGGRAPH",
  year =         1993,
  pages =        "335--342",
  month =        aug,
  volume =       27,
}

@Article{Vandepanne:1997:FFA,
  author =       "Michiel van de Panne",
  title =        "From Footprints to Animation",
  journal =      "Computer Graphics Forum",
  year =         1997,
  volume =       16,
  number =       4,
  pages =        "211--224",
}

@Article{Vandepanne:1996:PGS,
  author =       "Michiel van de Panne",
  title =        "Parameterized Gait Synthesis",
  journal =      "IEEE Computer Graphics and Applications",
  volume =       16,
  number =       2,
  pages =        "40--49",
  month =        mar,
  year =         1996,
}

@InProceedings{Vandepanne:1994:VWT,
   author = "Michael van de Panne and Ryan Kim and Eugene Fiume",
   title = "Virtual Wind-up Toys for Animation",
   booktitle = "Graphics Interface",
   year = 1994,
   month = may,
   pages = "208--215",
}

@InProceedings{Vandepanne:1995:GOF,
   author = "Michiel van de Panne and Alexis Lamouret",
   title = "Guided Optimization for Balanced Locomotion",
   booktitle = "Computer Animation and Simulation",
   year = 1995,
   month = sep,
   pages = "165--177",
}

@InProceedings{Weimer:1999:SSF,
   author = "Henrik Weimer and Joe Warren",
   title = "Subdivision Schemes for Fluid Flow",
   booktitle = "SIGGRAPH",
   year = 1999,
   month = aug,
   pages = "111--120",
}

@Article{Wiley:1997:ISA,
  author =       "Douglas J. Wiley and James K. Hahn",
  title =        "Interpolation Synthesis of Articulated Figure Motion",
  journal =      "IEEE Computer Graphics and Applications",
  volume =       "17",
  number =       "6",
  pages =        "39--45",
  month =        nov,
  year =         1997,
}

@InProceedings{Witkin:1995:MW,
  author =       "Andrew Witkin and Zoran Popovi\'{c}",
  title =        "Motion Warping",
  booktitle =    "SIGGRAPH",
  year =         1995,
  month =        aug,
  keywords =     "motion editing, captured motion",
  annote =       "",
}

@InProceedings{Witkin:1988:SC,
  author =       "Andrew Witkin and Michael Kass",
  title =        "Spacetime Constraints",
  pages =        "159--168",
  booktitle =    "SIGGRAPH",
  volume =       "22",
  year =         1988,
  month =        aug,
}


@InProceedings{Witkin:1990:FAA,
   author = "Andrew Witkin and William Welch",
   title = "Fast Animation and Control of Nonrigid Structures",
   volume = "24",
   number = "4",
   booktitle = "SIGGRAPH",
   year = 1990,
   month = aug,
   pages = "243--252",
}

@InProceedings{Witkin:1990:ID,
   author = "Andrew Witkin and Michael Gleicher and William Welch",
   title = "Interactive Dynamics",
   volume = "24",
   number = "2",
   booktitle = "Symposium on Interactive 3D Graphics",
   year = 1990,
   month = mar,
   pages = "11--21",
}

@Article{Wolf:1998:ORH,
  author = "S.L. Wolf and J. Ammerman and B. Jann",
  title = "Organization of Responses in Human Lateral Gastrocnemius Muscle to Specified Body Perturbations",
  journal = "Journal of Electromyogr Kinesiology",
  year = 1998,
  month = feb,
  volume = "8",
  number = "1",
  pages = "11-21",
}

@Article{Woollacott:1988:RBM,
  author = "M.H. Woollacott and C. von Hosten and B. Rosblad",
  title = "Relation between Muscle Response Onset and Body Segmental Movements during Postural Perturbations in Humans",
  journal = "Experimental Brain Research",
  year = 1988,
  volume = "72",
  number = "3",
  pages = "593--604",
}

@PhdThesis{Wooten:1998:Phd,
  author =   "Wayne. L. Wooten",
  title =    "Simulation of Leaping, Tumbling, Landing, and Balancing Humans",
  school =   "Georgia Institute of Technology",
  year =     1998,
}


@InProceedings{Yamane:2000:DFC,
  author = "Katsu Yamane and Yoshihiko Nakamura",
  title = "Dynamics Filter - Concept and Implementation of On-Line Motion Generator for Human Figures",
  year = 2000,
  month = may,
  booktitle = "ICRA",
  pages = "688--695"
}


@Article{Yeadon:1990:AM,
  author =   "M. R. Yeadon",
  title =    "The Simulation of Aerial Momement - III The Determination of the Angular Momentum of the Human Body",
  journal =      "Journal of Biomechanics",
  year =     1990,
  volume =   "23",
  pages =    "75--83",
}

@Article{Yin:2007:SIM,
	Author = {KangKang Yin and Kevin Loken and Michiel van de Panne},
	Journal = {ACM Trans. on Graphics (SIGGRAPH)},
	Location = {San Diego, California},
	Pages = {105},
        Number = {3},
	Title = {SIMBICON: simple biped locomotion control},
	Year = {2007},
        Volume = {26},
}

@InProceedings{Yin:2005:DIB,
  author =       "KangKang Yin and Dinesh K. Pai and Michiel van de Panne",
  title =        "Data-driven Interactive Balancing Behaviors",
  booktitle =    "Pacific Graphics",
  month =        oct,
  year =         2005,
}

@Article{Ye:2010:OFC,
 author = "Yuting Ye and C. Karen Liu",
 title =  "Optimal Feedback Control for Character Animation Using an Abstract Model",
 journal = "ACM Transactions on Graphics (SIGGRAPH)",
 year = 2010,
 volume = "29",
 number = "3",
 month = jul,
}

@InProceedings{Ye:2010:SRM,
  author =	"Yuting Ye and C. Karen Liu",
  title =	"Synthesis of Responsive Motion Using a Dynamic Model",
  booktitle =	"Proceedings of Eurographics",
  month =	may,
  year = 	"2010",
}

@Article{Ye:2008:ARC,
	Author = {Yuting Ye and C. Karen Liu},
	Journal = {ACM Trans. on Graphics (SIGGRAPH ASIA)},
	Location = {Singapore},
        Number = {5},
	Pages = {1--5},
	Title = {Animating responsive characters with dynamic constraints in near-unactuated coordinates},
	Year = {2008},
        Volume = {27},
}

@Phdthesis{Xavier:1992:Phd,
  author    = "Patrick Xavier",
  title          = "Provably-good Approximation Algorithms for
  Optimal Kinodynamic Robot Motion Plans",
  school    = "Cornell University",
  year      = 1992,
  month     = apr,
}

@Article{Zordan:2005:DRM,
  author = "Victor Brian Zordan and Anna Majkowska and Bill Chiu
	  and Matthew Fast",
  title = "Dynamic Response for Motion Capture Animation",
  journal = "ACM Trans. on Graphics (SIGGRAPH)",
  volume =	   "24",
  number =	   "3",
  pages =	   "697--701",
  month =	   jul,
  year =	   2005,
}

@Inproceedings{Zordan:1999:TAM,
 author = "Victor B. Zordan and Jessica K. Hodgins",
 title = "Tracking and Modifying Upper-Body Human Motion Data with Dynamic
    Simulation",
 year = 1999,
 month = sep,
 booktitle = "Conference on Computer Animation and Simulation",
}


@InProceedings{Zordan:2002:MCD,
  author =       "Victor B. Zordan and Jessica K. Hodgins",
  title =        "Motion Capture-Driven Simulations that Hit and React",
  booktitle =    "Eurographics/SIGGRAPH Symposium on Computer Animation",
  pages =        "89--96",
  year = 2002,
}
